@MISC{GeoServer_Doc,
  AUTHOR = "Pumphrey, Mike and Lewis, Clint and Petkov, Alex and Vega, Eduin Yezid Carrillo",
  TITLE = "GeoServer User Manual",
  HOWPUBLISHED = "http://docs.geoserver.org/stable/en/user/",
  YEAR = "2018"
  }
